<?xml version="1.0" encoding="UTF-8"?><collection xmlns="http://www.loc.gov/MARC21/slim"><record><leader>00409nam--2200133-i-4500</leader><controlfield tag="001">000028862</controlfield><controlfield tag="002">20161230</controlfield><controlfield tag="005">20161230201037</controlfield><controlfield tag="008">060222s1000------------r-----000-0-eng-d</controlfield><datafield ind1=" " ind2=" " tag="080"><subfield code="a">547.53:547.55(043)</subfield></datafield><datafield ind1=" " ind2=" " tag="100"><subfield code="a">Lardeux-Dedonder, Claude</subfield></datafield><datafield ind1=" " ind2=" " tag="245"><subfield code="a">Etude du transfert d`energie electronique dans le melange gazeux benzene-aniline. these</subfield></datafield><datafield ind1=" " ind2=" " tag="260"><subfield code="a">Orsay, Universite De Paris-sud, 1975, 88p</subfield></datafield><datafield ind1=" " ind2=" " tag="852"><subfield code="a">77927</subfield></datafield></record></collection>